<?xml version="1.0" encoding="UTF-8"?><collection xmlns="http://www.loc.gov/MARC21/slim"><record><leader>00534nam--2200193-u-4500</leader><controlfield tag="001">000054584</controlfield><controlfield tag="002">20161230</controlfield><controlfield tag="005">20161230201051</controlfield><controlfield tag="008">120320s1000------------r-----000-0-rus-d</controlfield><datafield ind1=" " ind2=" " tag="040"><subfield code="a">IFIN-HH</subfield></datafield><datafield ind1=" " ind2=" " tag="041"><subfield code="a">rus</subfield></datafield><datafield ind1=" " ind2=" " tag="080"><subfield code="a">539.17:539.165</subfield></datafield><datafield ind1="1" ind2=" " tag="100"><subfield code="a">Djelepov, B.S</subfield></datafield><datafield ind1="1" ind2="0" tag="245"><subfield code="a">Svoistva atomnih iader</subfield><subfield code="b">Vipusk 3 sistematika energii beta-raspada</subfield><subfield code="c">B.s. djelepov, g.f. dranitina</subfield></datafield><datafield ind1=" " ind2=" " tag="260"><subfield code="a">Moskva</subfield><subfield code="b">Akademii Nauk Sssr</subfield><subfield code="c">1960</subfield></datafield><datafield ind1=" " ind2=" " tag="300"><subfield code="a">58P</subfield></datafield><datafield ind1="1" ind2=" " tag="700"><subfield code="a">Dranitina, G.F</subfield></datafield><datafield ind1=" " ind2=" " tag="852"><subfield code="a">7201</subfield><subfield code="c">539.14</subfield></datafield><datafield ind1=" " ind2=" " tag="CAT"><subfield code="a">Sys</subfield><subfield code="c">20120320</subfield><subfield code="h">105043</subfield></datafield></record></collection>